[gd_scene load_steps=63 format=1]

[ext_resource path="res://assets/art/Level4.tex" type="Texture" id=1]
[ext_resource path="res://assets/scenes/Player.scn" type="PackedScene" id=2]
[ext_resource path="res://assets/scenes/Camera.tscn" type="PackedScene" id=3]
[ext_resource path="res://assets/art/LevelBackground.tex" type="Texture" id=4]
[ext_resource path="res://assets/scenes/Star.tscn" type="PackedScene" id=5]
[ext_resource path="res://assets/scenes/Warrior.tscn" type="PackedScene" id=6]
[ext_resource path="res://assets/scenes/Archer.tscn" type="PackedScene" id=7]
[ext_resource path="res://assets/scenes/Bat.tscn" type="PackedScene" id=8]

[sub_resource type="ConvexPolygonShape2D" id=1]

custom_solver_bias = 0.0
points = Vector2Array( -57.5405, 3516.1, -42.3614, 1747.73, 2.77765, 3415.27 )

[sub_resource type="ConvexPolygonShape2D" id=2]

custom_solver_bias = 0.0
points = Vector2Array( 9911.97, 4308.82, 9898.61, 3455.36, 10319.8, 5769.48 )

[sub_resource type="ConvexPolygonShape2D" id=3]

custom_solver_bias = 0.0
points = Vector2Array( 241.614, 3376.86, 761.04, 3199.82, 705.924, 3288.34 )

[sub_resource type="ConvexPolygonShape2D" id=4]

custom_solver_bias = 0.0
points = Vector2Array( 3368.2, 4756.43, 3471.75, 4566.03, 3541.89, 4743.07, 3067.74, 6254.21 )

[sub_resource type="ConvexPolygonShape2D" id=5]

custom_solver_bias = 0.0
points = Vector2Array( 241.614, 3376.86, 705.924, 3288.34, 665.84, 3371.85 )

[sub_resource type="ConvexPolygonShape2D" id=6]

custom_solver_bias = 0.0
points = Vector2Array( 3541.89, 4743.07, 3632.08, 4557.68, 3727.28, 4726.37, 3067.74, 6254.21 )

[sub_resource type="ConvexPolygonShape2D" id=7]

custom_solver_bias = 0.0
points = Vector2Array( 9719.9, 4432.41, 9778.36, 4387.32, 9911.97, 4308.82, 10319.8, 5769.48, 9663.11, 4544.32 )

[sub_resource type="ConvexPolygonShape2D" id=8]

custom_solver_bias = 0.0
points = Vector2Array( 9589.62, 4661.23, 9663.11, 4544.32, 10319.8, 5769.48 )

[sub_resource type="ConvexPolygonShape2D" id=9]

custom_solver_bias = 0.0
points = Vector2Array( 241.614, 3376.86, 665.84, 3371.85, 650.808, 3443.67 )

[sub_resource type="ConvexPolygonShape2D" id=10]

custom_solver_bias = 0.0
points = Vector2Array( 8118.19, 4616.13, 8171.64, 4535.97, 8213.39, 4577.72, 7625.46, 5931.17 )

[sub_resource type="ConvexPolygonShape2D" id=11]

custom_solver_bias = 0.0
points = Vector2Array( 9487.74, 4741.4, 9589.62, 4661.23, 10319.8, 5769.48 )

[sub_resource type="ConvexPolygonShape2D" id=12]

custom_solver_bias = 0.0
points = Vector2Array( 9487.74, 4741.4, 10319.8, 5769.48, 7625.46, 5931.17, 9345.78, 4786.49 )

[sub_resource type="ConvexPolygonShape2D" id=13]

custom_solver_bias = 0.0
points = Vector2Array( 9182.1, 4783.15, 9345.78, 4786.49, 7625.46, 5931.17 )

[sub_resource type="ConvexPolygonShape2D" id=14]

custom_solver_bias = 0.0
points = Vector2Array( 9050.16, 4779.81, 9182.1, 4783.15, 7625.46, 5931.17 )

[sub_resource type="ConvexPolygonShape2D" id=15]

custom_solver_bias = 0.0
points = Vector2Array( 8889.82, 4763.11, 9050.16, 4779.81, 7625.46, 5931.17 )

[sub_resource type="ConvexPolygonShape2D" id=16]

custom_solver_bias = 0.0
points = Vector2Array( 8777.92, 4716.35, 8889.82, 4763.11, 7625.46, 5931.17 )

[sub_resource type="ConvexPolygonShape2D" id=17]

custom_solver_bias = 0.0
points = Vector2Array( 8609.23, 4644.53, 8777.92, 4716.35, 7625.46, 5931.17 )

[sub_resource type="ConvexPolygonShape2D" id=18]

custom_solver_bias = 0.0
points = Vector2Array( 8448.89, 4515.92, 8609.23, 4644.53, 7625.46, 5931.17, 8378.74, 4574.38 )

[sub_resource type="ConvexPolygonShape2D" id=19]

custom_solver_bias = 0.0
points = Vector2Array( 8325.3, 4599.43, 8378.74, 4574.38, 7625.46, 5931.17 )

[sub_resource type="ConvexPolygonShape2D" id=20]

custom_solver_bias = 0.0
points = Vector2Array( 8271.85, 4596.09, 8325.3, 4599.43, 7625.46, 5931.17 )

[sub_resource type="ConvexPolygonShape2D" id=21]

custom_solver_bias = 0.0
points = Vector2Array( 8213.39, 4577.72, 8271.85, 4596.09, 7625.46, 5931.17 )

[sub_resource type="ConvexPolygonShape2D" id=22]

custom_solver_bias = 0.0
points = Vector2Array( 8058.07, 4687.95, 8118.19, 4616.13, 7625.46, 5931.17 )

[sub_resource type="ConvexPolygonShape2D" id=23]

custom_solver_bias = 0.0
points = Vector2Array( 7959.53, 4746.41, 8058.07, 4687.95, 7625.46, 5931.17 )

[sub_resource type="ConvexPolygonShape2D" id=24]

custom_solver_bias = 0.0
points = Vector2Array( 7837.6, 4741.4, 7959.53, 4746.41, 7625.46, 5931.17 )

[sub_resource type="ConvexPolygonShape2D" id=25]

custom_solver_bias = 0.0
points = Vector2Array( 3838.25, 4687.97, 3944.74, 4628.4, 3987.83, 4684.61, 3067.74, 6254.21 )

[sub_resource type="ConvexPolygonShape2D" id=26]

custom_solver_bias = 0.0
points = Vector2Array( 7640.52, 4664.57, 7837.6, 4741.4, 7625.46, 5931.17, 3067.74, 6254.21 )

[sub_resource type="ConvexPolygonShape2D" id=27]

custom_solver_bias = 0.0
points = Vector2Array( 7573.71, 4611.12, 7640.52, 4664.57, 3067.74, 6254.21 )

[sub_resource type="ConvexPolygonShape2D" id=28]

custom_solver_bias = 0.0
points = Vector2Array( 7458.47, 4452.46, 7573.71, 4611.12, 3067.74, 6254.21, 6960.76, 4535.97 )

[sub_resource type="ConvexPolygonShape2D" id=29]

custom_solver_bias = 0.0
points = Vector2Array( 6573.28, 4587.74, 6960.76, 4535.97, 3067.74, 6254.21 )

[sub_resource type="ConvexPolygonShape2D" id=30]

custom_solver_bias = 0.0
points = Vector2Array( 5773.26, 4784.82, 6022.12, 4687.95, 6209.18, 4632.84, 6573.28, 4587.74, 3067.74, 6254.21, 5639.64, 4849.96 )

[sub_resource type="ConvexPolygonShape2D" id=31]

custom_solver_bias = 0.0
points = Vector2Array( 5491, 4911.76, 5639.64, 4849.96, 3067.74, 6254.21 )

[sub_resource type="ConvexPolygonShape2D" id=32]

custom_solver_bias = 0.0
points = Vector2Array( 5325.65, 4925.12, 5491, 4911.76, 3067.74, 6254.21 )

[sub_resource type="ConvexPolygonShape2D" id=33]

custom_solver_bias = 0.0
points = Vector2Array( 5218.76, 4921.78, 5325.65, 4925.12, 3067.74, 6254.21 )

[sub_resource type="ConvexPolygonShape2D" id=34]

custom_solver_bias = 0.0
points = Vector2Array( 5085.14, 4854.97, 5218.76, 4921.78, 3067.74, 6254.21 )

[sub_resource type="ConvexPolygonShape2D" id=35]

custom_solver_bias = 0.0
points = Vector2Array( 5009.98, 4791.5, 5085.14, 4854.97, 3067.74, 6254.21 )

[sub_resource type="ConvexPolygonShape2D" id=36]

custom_solver_bias = 0.0
points = Vector2Array( 241.614, 3376.86, 650.808, 3443.67, 655.819, 3513.81 )

[sub_resource type="ConvexPolygonShape2D" id=37]

custom_solver_bias = 0.0
points = Vector2Array( 4988.27, 4699.64, 5009.98, 4791.5, 3067.74, 6254.21 )

[sub_resource type="ConvexPolygonShape2D" id=38]

custom_solver_bias = 0.0
points = Vector2Array( 119.69, 3395.23, 241.614, 3376.86, 655.819, 3513.81, 692.563, 3635.74, -57.5405, 3516.1, 2.77765, 3415.27 )

[sub_resource type="ConvexPolygonShape2D" id=39]

custom_solver_bias = 0.0
points = Vector2Array( 4497.24, 4687.95, 4801.21, 4530.96, 4909.77, 4527.61, 4958.21, 4549.33, 4986.6, 4606.11, 4988.27, 4699.64, 3067.74, 6254.21, 4338.57, 4853.3 )

[sub_resource type="ConvexPolygonShape2D" id=40]

custom_solver_bias = 0.0
points = Vector2Array( 4193.27, 4836.6, 4338.57, 4853.3, 3067.74, 6254.21 )

[sub_resource type="ConvexPolygonShape2D" id=41]

custom_solver_bias = 0.0
points = Vector2Array( 4093.05, 4759.77, 4193.27, 4836.6, 3067.74, 6254.21, 3987.83, 4684.61 )

[sub_resource type="ConvexPolygonShape2D" id=42]

custom_solver_bias = 0.0
points = Vector2Array( 3757.35, 4731.38, 3838.25, 4687.97, 3067.74, 6254.21 )

[sub_resource type="ConvexPolygonShape2D" id=43]

custom_solver_bias = 0.0
points = Vector2Array( 3727.28, 4726.37, 3757.35, 4731.38, 3067.74, 6254.21 )

[sub_resource type="ConvexPolygonShape2D" id=44]

custom_solver_bias = 0.0
points = Vector2Array( 2678.41, 4885.03, 3368.2, 4756.43, 3067.74, 6254.21, 872.054, 5657.29 )

[sub_resource type="ConvexPolygonShape2D" id=45]

custom_solver_bias = 0.0
points = Vector2Array( 2596.57, 4885.03, 2678.41, 4885.03, 872.054, 5657.29, 1860.02, 4971.88 )

[sub_resource type="ConvexPolygonShape2D" id=46]

custom_solver_bias = 0.0
points = Vector2Array( 1255.41, 4990.26, 1636.22, 4968.54, 1860.02, 4971.88, 872.054, 5657.29, 1166.89, 4998.61 )

[sub_resource type="ConvexPolygonShape2D" id=47]

custom_solver_bias = 0.0
points = Vector2Array( 859.581, 5005.29, 1166.89, 4998.61, 872.054, 5657.29 )

[sub_resource type="ConvexPolygonShape2D" id=48]

custom_solver_bias = 0.0
points = Vector2Array( 859.581, 5005.29, 872.054, 5657.29, 299.169, 4631.76, 839.539, 4864.99 )

[sub_resource type="ConvexPolygonShape2D" id=49]

custom_solver_bias = 0.0
points = Vector2Array( 854.571, 4791.5, 839.539, 4864.99, 299.169, 4631.76 )

[sub_resource type="ConvexPolygonShape2D" id=50]

custom_solver_bias = 0.0
points = Vector2Array( 944.761, 4465.82, 949.771, 4544.32, 854.571, 4791.5, 299.169, 4631.76, 906.346, 4405.69 )

[sub_resource type="ConvexPolygonShape2D" id=51]

custom_solver_bias = 0.0
points = Vector2Array( 769.391, 4168.53, 906.346, 4405.69, 299.169, 4631.76, -57.5405, 3516.1 )

[sub_resource type="ConvexPolygonShape2D" id=52]

custom_solver_bias = 0.0
points = Vector2Array( 764.381, 4078.34, 769.391, 4168.53, -57.5405, 3516.1 )

[sub_resource type="ConvexPolygonShape2D" id=53]

custom_solver_bias = 0.0
points = Vector2Array( 782.753, 3891.28, 764.381, 4078.34, -57.5405, 3516.1 )

[sub_resource type="ConvexPolygonShape2D" id=54]

custom_solver_bias = 0.0
points = Vector2Array( 766.051, 3754.32, 789.434, 3829.48, 782.753, 3891.28, -57.5405, 3516.1, 692.563, 3635.74 )

[node name="Root" type="Node2D"]

[node name="TextureFrame" type="TextureFrame" parent="."]

focus/ignore_mouse = true
focus/stop_mouse = true
size_flags/horizontal = 2
size_flags/vertical = 2
margin/left = 0.0
margin/top = 0.0
margin/right = 40.0
margin/bottom = 40.0
texture = ExtResource( 1 )
stretch_mode = 0

[node name="StaticBody2D" type="StaticBody2D" parent="TextureFrame"]

input/pickable = false
shapes/0/shape = SubResource( 1 )
shapes/0/transform = Matrix32( 1, 0, 0, 1, 0, 0 )
shapes/0/trigger = false
shapes/1/shape = SubResource( 2 )
shapes/1/transform = Matrix32( 1, 0, 0, 1, 0, 0 )
shapes/1/trigger = false
shapes/2/shape = SubResource( 3 )
shapes/2/transform = Matrix32( 1, 0, 0, 1, 0, 0 )
shapes/2/trigger = false
shapes/3/shape = SubResource( 4 )
shapes/3/transform = Matrix32( 1, 0, 0, 1, 0, 0 )
shapes/3/trigger = false
shapes/4/shape = SubResource( 5 )
shapes/4/transform = Matrix32( 1, 0, 0, 1, 0, 0 )
shapes/4/trigger = false
shapes/5/shape = SubResource( 6 )
shapes/5/transform = Matrix32( 1, 0, 0, 1, 0, 0 )
shapes/5/trigger = false
shapes/6/shape = SubResource( 7 )
shapes/6/transform = Matrix32( 1, 0, 0, 1, 0, 0 )
shapes/6/trigger = false
shapes/7/shape = SubResource( 8 )
shapes/7/transform = Matrix32( 1, 0, 0, 1, 0, 0 )
shapes/7/trigger = false
shapes/8/shape = SubResource( 9 )
shapes/8/transform = Matrix32( 1, 0, 0, 1, 0, 0 )
shapes/8/trigger = false
shapes/9/shape = SubResource( 10 )
shapes/9/transform = Matrix32( 1, 0, 0, 1, 0, 0 )
shapes/9/trigger = false
shapes/10/shape = SubResource( 11 )
shapes/10/transform = Matrix32( 1, 0, 0, 1, 0, 0 )
shapes/10/trigger = false
shapes/11/shape = SubResource( 12 )
shapes/11/transform = Matrix32( 1, 0, 0, 1, 0, 0 )
shapes/11/trigger = false
shapes/12/shape = SubResource( 13 )
shapes/12/transform = Matrix32( 1, 0, 0, 1, 0, 0 )
shapes/12/trigger = false
shapes/13/shape = SubResource( 14 )
shapes/13/transform = Matrix32( 1, 0, 0, 1, 0, 0 )
shapes/13/trigger = false
shapes/14/shape = SubResource( 15 )
shapes/14/transform = Matrix32( 1, 0, 0, 1, 0, 0 )
shapes/14/trigger = false
shapes/15/shape = SubResource( 16 )
shapes/15/transform = Matrix32( 1, 0, 0, 1, 0, 0 )
shapes/15/trigger = false
shapes/16/shape = SubResource( 17 )
shapes/16/transform = Matrix32( 1, 0, 0, 1, 0, 0 )
shapes/16/trigger = false
shapes/17/shape = SubResource( 18 )
shapes/17/transform = Matrix32( 1, 0, 0, 1, 0, 0 )
shapes/17/trigger = false
shapes/18/shape = SubResource( 19 )
shapes/18/transform = Matrix32( 1, 0, 0, 1, 0, 0 )
shapes/18/trigger = false
shapes/19/shape = SubResource( 20 )
shapes/19/transform = Matrix32( 1, 0, 0, 1, 0, 0 )
shapes/19/trigger = false
shapes/20/shape = SubResource( 21 )
shapes/20/transform = Matrix32( 1, 0, 0, 1, 0, 0 )
shapes/20/trigger = false
shapes/21/shape = SubResource( 22 )
shapes/21/transform = Matrix32( 1, 0, 0, 1, 0, 0 )
shapes/21/trigger = false
shapes/22/shape = SubResource( 23 )
shapes/22/transform = Matrix32( 1, 0, 0, 1, 0, 0 )
shapes/22/trigger = false
shapes/23/shape = SubResource( 24 )
shapes/23/transform = Matrix32( 1, 0, 0, 1, 0, 0 )
shapes/23/trigger = false
shapes/24/shape = SubResource( 25 )
shapes/24/transform = Matrix32( 1, 0, 0, 1, 0, 0 )
shapes/24/trigger = false
shapes/25/shape = SubResource( 26 )
shapes/25/transform = Matrix32( 1, 0, 0, 1, 0, 0 )
shapes/25/trigger = false
shapes/26/shape = SubResource( 27 )
shapes/26/transform = Matrix32( 1, 0, 0, 1, 0, 0 )
shapes/26/trigger = false
shapes/27/shape = SubResource( 28 )
shapes/27/transform = Matrix32( 1, 0, 0, 1, 0, 0 )
shapes/27/trigger = false
shapes/28/shape = SubResource( 29 )
shapes/28/transform = Matrix32( 1, 0, 0, 1, 0, 0 )
shapes/28/trigger = false
shapes/29/shape = SubResource( 30 )
shapes/29/transform = Matrix32( 1, 0, 0, 1, 0, 0 )
shapes/29/trigger = false
shapes/30/shape = SubResource( 31 )
shapes/30/transform = Matrix32( 1, 0, 0, 1, 0, 0 )
shapes/30/trigger = false
shapes/31/shape = SubResource( 32 )
shapes/31/transform = Matrix32( 1, 0, 0, 1, 0, 0 )
shapes/31/trigger = false
shapes/32/shape = SubResource( 33 )
shapes/32/transform = Matrix32( 1, 0, 0, 1, 0, 0 )
shapes/32/trigger = false
shapes/33/shape = SubResource( 34 )
shapes/33/transform = Matrix32( 1, 0, 0, 1, 0, 0 )
shapes/33/trigger = false
shapes/34/shape = SubResource( 35 )
shapes/34/transform = Matrix32( 1, 0, 0, 1, 0, 0 )
shapes/34/trigger = false
shapes/35/shape = SubResource( 36 )
shapes/35/transform = Matrix32( 1, 0, 0, 1, 0, 0 )
shapes/35/trigger = false
shapes/36/shape = SubResource( 37 )
shapes/36/transform = Matrix32( 1, 0, 0, 1, 0, 0 )
shapes/36/trigger = false
shapes/37/shape = SubResource( 38 )
shapes/37/transform = Matrix32( 1, 0, 0, 1, 0, 0 )
shapes/37/trigger = false
shapes/38/shape = SubResource( 39 )
shapes/38/transform = Matrix32( 1, 0, 0, 1, 0, 0 )
shapes/38/trigger = false
shapes/39/shape = SubResource( 40 )
shapes/39/transform = Matrix32( 1, 0, 0, 1, 0, 0 )
shapes/39/trigger = false
shapes/40/shape = SubResource( 41 )
shapes/40/transform = Matrix32( 1, 0, 0, 1, 0, 0 )
shapes/40/trigger = false
shapes/41/shape = SubResource( 42 )
shapes/41/transform = Matrix32( 1, 0, 0, 1, 0, 0 )
shapes/41/trigger = false
shapes/42/shape = SubResource( 43 )
shapes/42/transform = Matrix32( 1, 0, 0, 1, 0, 0 )
shapes/42/trigger = false
shapes/43/shape = SubResource( 44 )
shapes/43/transform = Matrix32( 1, 0, 0, 1, 0, 0 )
shapes/43/trigger = false
shapes/44/shape = SubResource( 45 )
shapes/44/transform = Matrix32( 1, 0, 0, 1, 0, 0 )
shapes/44/trigger = false
shapes/45/shape = SubResource( 46 )
shapes/45/transform = Matrix32( 1, 0, 0, 1, 0, 0 )
shapes/45/trigger = false
shapes/46/shape = SubResource( 47 )
shapes/46/transform = Matrix32( 1, 0, 0, 1, 0, 0 )
shapes/46/trigger = false
shapes/47/shape = SubResource( 48 )
shapes/47/transform = Matrix32( 1, 0, 0, 1, 0, 0 )
shapes/47/trigger = false
shapes/48/shape = SubResource( 49 )
shapes/48/transform = Matrix32( 1, 0, 0, 1, 0, 0 )
shapes/48/trigger = false
shapes/49/shape = SubResource( 50 )
shapes/49/transform = Matrix32( 1, 0, 0, 1, 0, 0 )
shapes/49/trigger = false
shapes/50/shape = SubResource( 51 )
shapes/50/transform = Matrix32( 1, 0, 0, 1, 0, 0 )
shapes/50/trigger = false
shapes/51/shape = SubResource( 52 )
shapes/51/transform = Matrix32( 1, 0, 0, 1, 0, 0 )
shapes/51/trigger = false
shapes/52/shape = SubResource( 53 )
shapes/52/transform = Matrix32( 1, 0, 0, 1, 0, 0 )
shapes/52/trigger = false
shapes/53/shape = SubResource( 54 )
shapes/53/transform = Matrix32( 1, 0, 0, 1, 0, 0 )
shapes/53/trigger = false
collision/layers = 32769
collision/mask = 1
constant_linear_velocity = Vector2( 0, 0 )
constant_angular_velocity = 0.0
friction = 1.0
bounce = 0.0

[node name="CollisionPolygon2D" type="CollisionPolygon2D" parent="TextureFrame/StaticBody2D"]

build_mode = 0
polygon = Vector2Array( 2.77765, 3415.27, 119.69, 3395.23, 241.614, 3376.86, 761.04, 3199.82, 705.924, 3288.34, 665.84, 3371.85, 650.808, 3443.67, 655.819, 3513.81, 692.563, 3635.74, 766.051, 3754.32, 789.434, 3829.48, 782.753, 3891.28, 764.381, 4078.34, 769.391, 4168.53, 906.346, 4405.69, 944.761, 4465.82, 949.771, 4544.32, 854.571, 4791.5, 839.539, 4864.99, 859.581, 5005.29, 1166.89, 4998.61, 1255.41, 4990.26, 1636.22, 4968.54, 1860.02, 4971.88, 2596.57, 4885.03, 2678.41, 4885.03, 3368.2, 4756.43, 3471.75, 4566.03, 3541.89, 4743.07, 3632.08, 4557.68, 3727.28, 4726.37, 3757.35, 4731.38, 3838.25, 4687.97, 3944.74, 4628.4, 3987.83, 4684.61, 4093.05, 4759.77, 4193.27, 4836.6, 4338.57, 4853.3, 4497.24, 4687.95, 4801.21, 4530.96, 4909.77, 4527.61, 4958.21, 4549.33, 4986.6, 4606.11, 4988.27, 4699.64, 5009.98, 4791.5, 5085.14, 4854.97, 5218.76, 4921.78, 5325.65, 4925.12, 5491, 4911.76, 5639.64, 4849.96, 5773.26, 4784.82, 6022.12, 4687.95, 6209.18, 4632.84, 6573.28, 4587.74, 6960.76, 4535.97, 7458.47, 4452.46, 7573.71, 4611.12, 7640.52, 4664.57, 7837.6, 4741.4, 7959.53, 4746.41, 8058.07, 4687.95, 8118.19, 4616.13, 8171.64, 4535.97, 8213.39, 4577.72, 8271.85, 4596.09, 8325.3, 4599.43, 8378.74, 4574.38, 8448.89, 4515.92, 8609.23, 4644.53, 8777.92, 4716.35, 8889.82, 4763.11, 9050.16, 4779.81, 9182.1, 4783.15, 9345.78, 4786.49, 9487.74, 4741.4, 9589.62, 4661.23, 9663.11, 4544.32, 9719.9, 4432.41, 9778.36, 4387.32, 9911.97, 4308.82, 9898.61, 3455.36, 10319.8, 5769.48, 7625.46, 5931.17, 3067.74, 6254.21, 872.054, 5657.29, 299.169, 4631.76, -57.5405, 3516.1, -42.3614, 1747.73 )
shape_range = Vector2( 0, 53 )
trigger = false

[node name="Player" parent="." instance=ExtResource( 2 )]

transform/pos = Vector2( 146.574, 3267.74 )

[node name="Camera" parent="." instance=ExtResource( 3 )]

[node name="ParallaxBackground" type="ParallaxBackground" parent="."]

layer = -1
offset = Vector2( 0, 0 )
rotation = 0.0
scale = Vector2( 1, 1 )
scroll/offset = Vector2( 0, 0 )
scroll/base_offset = Vector2( 0, 0 )
scroll/base_scale = Vector2( 1, 1 )
scroll/limit_begin = Vector2( 0, 0 )
scroll/limit_end = Vector2( 0, 0 )
scroll/ignore_camera_zoom = false

[node name="ParallaxLayer" type="ParallaxLayer" parent="ParallaxBackground"]

motion/scale = Vector2( 1, 1 )
motion/offset = Vector2( 0, 0 )
motion/mirroring = Vector2( 1, 1 )

[node name="Sprite" type="Sprite" parent="ParallaxBackground/ParallaxLayer"]

texture = ExtResource( 4 )
centered = false

[node name="Star" parent="." instance=ExtResource( 5 )]

transform/pos = Vector2( 9859.77, 4270.15 )

[node name="Warrior" parent="." instance=ExtResource( 6 )]

transform/pos = Vector2( 3292.03, 4680.35 )

[node name="Warrior1" parent="." instance=ExtResource( 6 )]

transform/pos = Vector2( 3005.75, 4746.24 )

[node name="Warrior3" parent="." instance=ExtResource( 6 )]

transform/pos = Vector2( 7351.15, 4367.75 )

[node name="Warrior8" parent="." instance=ExtResource( 6 )]

transform/pos = Vector2( 8307.81, 4503.69 )

[node name="Warrior4" parent="." instance=ExtResource( 6 )]

transform/pos = Vector2( 4269.69, 4747.9 )

[node name="Warrior5" parent="." instance=ExtResource( 6 )]

transform/pos = Vector2( 5342.16, 4843.56 )

[node name="Warrior6" parent="." instance=ExtResource( 6 )]

transform/pos = Vector2( 4141.29, 4700.06 )

[node name="Archer" parent="." instance=ExtResource( 7 )]

transform/pos = Vector2( 3469.26, 4494.04 )

[node name="Archer1" parent="." instance=ExtResource( 7 )]

transform/pos = Vector2( 3634.26, 4490.04 )

[node name="Archer2" parent="." instance=ExtResource( 7 )]

transform/pos = Vector2( 3943.02, 4568.19 )

[node name="Archer3" parent="." instance=ExtResource( 7 )]

transform/pos = Vector2( 6405.31, 4534.94 )

[node name="Archer5" parent="." instance=ExtResource( 7 )]

transform/pos = Vector2( 8175.13, 4464.45 )

[node name="Archer4" parent="." instance=ExtResource( 7 )]

transform/pos = Vector2( 4858.43, 4459.62 )

[node name="Bat" parent="." instance=ExtResource( 8 )]

transform/pos = Vector2( 9738.42, 4352.12 )

[node name="Bat1" parent="." instance=ExtResource( 8 )]

transform/pos = Vector2( 9729.42, 4286.12 )

[node name="Bat2" parent="." instance=ExtResource( 8 )]

transform/pos = Vector2( 9723.42, 4216.12 )


