[gd_scene load_steps=6 format=1]

[ext_resource path="res://assets/art/Tittle Screen.tex" type="Texture" id=1]
[ext_resource path="res://assets/scripts/Optionsdfd.gd" type="Script" id=2]
[ext_resource path="res://assets/themes/default.tres" type="Theme" id=3]
[ext_resource path="res://assets/scripts/Slider.gd" type="Script" id=4]
[ext_resource path="res://assets/scripts/Fullscreen.gd" type="Script" id=5]

[node name="Root" type="Node2D"]

[node name="TextureFrame" type="TextureFrame" parent="."]

focus/ignore_mouse = true
focus/stop_mouse = true
size_flags/horizontal = 2
size_flags/vertical = 2
margin/left = 0.0
margin/top = 0.0
margin/right = 40.0
margin/bottom = 40.0
texture = ExtResource( 1 )
stretch_mode = 0

[node name="Control" type="Control" parent="."]

focus/ignore_mouse = false
focus/stop_mouse = true
size_flags/horizontal = 2
size_flags/vertical = 2
margin/left = 0.0
margin/top = 0.0
margin/right = 40.0
margin/bottom = 40.0
script/script = ExtResource( 2 )

[node name="Sound" type="HSlider" parent="Control"]

focus/ignore_mouse = false
focus/stop_mouse = true
size_flags/horizontal = 2
size_flags/vertical = 0
theme/theme = ExtResource( 3 )
margin/left = 120.0
margin/top = 400.0
margin/right = 468.0
margin/bottom = 416.0
range/min = -60.0
range/max = 0.0
range/step = 1.0
range/page = 0.0
range/value = 0.0
range/exp_edit = false
range/rounded = false
tick_count = 100
ticks_on_borders = false
focus_mode = 2
script/script = ExtResource( 4 )

[node name="Music" type="HSlider" parent="Control"]

focus/ignore_mouse = false
focus/stop_mouse = true
size_flags/horizontal = 2
size_flags/vertical = 0
theme/theme = ExtResource( 3 )
margin/left = 120.0
margin/top = 340.0
margin/right = 468.0
margin/bottom = 356.0
range/min = 0.0
range/max = 100.0
range/step = 1.0
range/page = 0.0
range/value = 100.0
range/exp_edit = false
range/rounded = false
tick_count = 100
ticks_on_borders = false
focus_mode = 2
script/script = ExtResource( 4 )

[node name="Music 2" type="RichTextLabel" parent="Control"]

focus/ignore_mouse = false
focus/stop_mouse = true
size_flags/horizontal = 2
size_flags/vertical = 2
theme/theme = ExtResource( 3 )
margin/left = 269.0
margin/top = 293.0
margin/right = 374.0
margin/bottom = 372.0
bbcode/enabled = true
bbcode/bbcode = "Music"
visible_characters = -1

[node name="Music5" type="RichTextLabel" parent="Control"]

focus/ignore_mouse = false
focus/stop_mouse = true
size_flags/horizontal = 2
size_flags/vertical = 2
theme/theme = ExtResource( 3 )
margin/left = 35.0
margin/top = 34.0
margin/right = 635.0
margin/bottom = 113.0
bbcode/enabled = true
bbcode/bbcode = "Press escape to return to menu"
visible_characters = -1

[node name="Music3" type="RichTextLabel" parent="Control"]

focus/ignore_mouse = false
focus/stop_mouse = true
size_flags/horizontal = 2
size_flags/vertical = 2
theme/theme = ExtResource( 3 )
margin/left = 268.0
margin/top = 358.0
margin/right = 373.0
margin/bottom = 437.0
bbcode/enabled = true
bbcode/bbcode = "Sound"
visible_characters = -1

[node name="Music4" type="RichTextLabel" parent="Control"]

focus/ignore_mouse = false
focus/stop_mouse = true
size_flags/horizontal = 2
size_flags/vertical = 2
theme/theme = ExtResource( 3 )
margin/left = 249.0
margin/top = 204.0
margin/right = 354.0
margin/bottom = 283.0
bbcode/enabled = true
bbcode/bbcode = "Fullscreen"
visible_characters = -1

[node name="CheckButton" type="CheckButton" parent="Control"]

focus/ignore_mouse = false
focus/stop_mouse = true
size_flags/horizontal = 2
size_flags/vertical = 2
margin/left = 254.0
margin/top = 259.0
margin/right = 330.0
margin/bottom = 281.0
toggle_mode = true
enabled_focus_mode = 2
shortcut = null
flat = false
align = 0
script/script = ExtResource( 5 )

[connection signal="value_changed" from="Control/Sound" to="Control/Sound" method="_on_Sound_value_changed"]

[connection signal="value_changed" from="Control/Music" to="Control/Music" method="_on_Music_value_changed"]

[connection signal="toggled" from="Control/CheckButton" to="Control/CheckButton" method="_on_CheckButton_toggled"]


